@Book{knuth:84,
  author = 	 {Donald E. Knuth},
  title = 	 {The {\TeX} Book},
  publisher = 	 {Addison-Wesley},
  year = 	 {1984},
  edition = 	 {15th}
}

@InCollection{boulic:91,
  author = 	 {R. Boulic and O. Renault},
  title = 	 {3D Hierarchies for Animation},
  booktitle = 	 {New Trends in Animation and Visualization},
  publisher =    {John Wiley {\&} Sons ltd.},
  year = 	 {1991},
  editor = 	 {Nadia Magnenat-Thalmann and Daniel Thalmann}
}

@InCollection{smith:99,
  author = 	 {A. Smith and B. Jones},
  title = 	 {On the Complexity of Computing},
  booktitle = 	 {Advances in Computer Science},
  pages = 	 {555--566},
  publisher =    {Publishing Press},
  year = 	 {1999},
  editor = 	 {A. B. Smith-Jones}
}

@book{teste,
author={X. Y. Z. Cruz and X. Y. Z. Correa and X. Y. Z. Costa and X. Y. Z. Costa},
title={Exemplo de cita{\c c}\~ao no texto},
year={1998}}


@article{marcel:2016,
  author = 	 {Marcel Maggion Maia},
  title = 	 {Limites de gênero e presença feminina nos cursos superiores brasileiros do campo da computação},
  journal = 	 {Pagu},
  year = {2016}
}

@article{suzane:2018,
    author = {Suzane Carvalho Da Vitória Barros and Luciana Mourão},
    title = {Panorama da participação feminina na educação superior, no mercado de trabalho e na sociedade},
    journal = {Psicologia e Sociedade},
    year = {2018},
    volume = {30}
}

@article{klein:2018,
  title={Identifica{\c{c}}{\~a}o de mecanismos para a amplia{\c{c}}{\~a}o da transpar{\^e}ncia em portais de dados abertos: uma an{\'a}lise no contexto brasileiro},
  author={Klein, Rodrigo Hickmann and Klein, Deisy Cristina Barbiero and Luciano, Edimara Mezzomo},
  journal={Cadernos Ebape. br},
  volume={16},
  pages={692--715},
  year={2018},
  publisher={SciELO Brasil}
}

@inproceedings{moreira:2018,
 author = {Josilene A. Moreira and Ricardo M. Silva and Maria Eulina P. Carvalho},
 title = {Cenários Prospectivos: Uma Visão do Futuro da Presença Feminina em Cursos de Ciência da Computação de uma Instituição de Ensino Superior},
 booktitle = {Anais do XXVI Workshop sobre Educação em Computação},
 location = {Natal},
 year = {2018},
 keywords = {},
 issn = {2595-6175},
 publisher = {SBC},
 address = {Porto Alegre, RS, Brasil},
 doi = {10.5753/wei.2018.3519},
 url = {https://sol.sbc.org.br/index.php/wei/article/view/3519}
}

@inproceedings{holanda:2019,
 author = {Maristela Holanda and Aleteia  Araujo},
 title = {Pós-graduação em Computação na Universidade de  Brasília: Um Grande Desafio na Diversidade de Gênero},
 booktitle = {Anais do XIII Women in Information Technology},
 location = {Belém},
 year = {2019},
 keywords = {},
 issn = {2763-8626},
 pages = {169--173},
 publisher = {SBC},
 address = {Porto Alegre, RS, Brasil},
 doi = {10.5753/wit.2019.6731},
 url = {https://sol.sbc.org.br/index.php/wit/article/view/6731}
}

@article{sigolo:2021,
 author = {Vanessa Moreira Sígolo and Thais Gava and Sandra Unbehaum},
 title = {Equidade de gênero na educação e nas ciências: novos desafios no Brasil atual},
 booktitle = {Cadernos Pagu},
 location = {},
 year = {2021},
 keywords = {},
 issn = {1809-4449},
 pages = {},
 publisher = {SciELO},
 address = {Brasil},
 doi = {10.1590/18094449202100630017},
 url = {https://www.scielo.br/j/cpa/a/jgB4hTT5v4S8q5F9kcPLVMn/?lang=pt#}
}

@article{silva:2007,
  title={A evas{\~a}o no ensino superior brasileiro},
  author={Silva Filho, Roberto Leal Lobo and Motejunas, Paulo Roberto and Hip{\'o}lito, Oscar and Lobo, Maria Beatriz de Carvalho Melo},
  journal={Cadernos de pesquisa},
  volume={37},
  pages={641--659},
  year={2007},
  publisher={SciELO Brasil}
}

@misc{unesco:2018,
  title={Decifrar o c{\'o}digo: das meninas e mulheres em ci{\^e}ncias, tecnologia, engenharia e matem{\'a}tica (STEM)},
  author={UNESCO, Brasil},
  year={2018},
  publisher={Bras{\'\i}lia}
}

@article{kryshko:2020,
title = {Do motivational regulation strategies contribute to university students' academic success?},
journal = {Learning and Individual Differences},
volume = {82},
pages = {101912},
year = {2020},
issn = {1041-6080},
doi = {https://doi.org/10.1016/j.lindif.2020.101912},
url = {https://www.sciencedirect.com/science/article/pii/S1041608020300923},
author = {Olena Kryshko and Jens Fleischer and Julia Waldeyer and Joachim Wirth and Detlev Leutner},
keywords = {Motivational regulation strategies, Self-regulated learning, Academic success, Dropout intention, Academic performance},
abstract = {Based on the framework of self-regulated learning, we conducted a cross-sectional and a longitudinal study with university undergraduates (N1 = 249; N2 = 210) to examine the associations of using different motivational regulation strategies and two important aspects of academic success: academic performance and dropout intention. According to the Motivational Regulation Model of Schwinger and Stiensmeier-Pelster (2012), we assumed that motivational regulation strategies will positively predict academic performance and negatively predict dropout intention via increased academic effort. Results of both studies largely supported our assumptions. Furthermore, the overall score of motivational regulation strategies and most specific strategies significantly predicted both examined aspects of academic success after controlling for high school GPA as their major traditional predictor. Thus, our findings replicate and extend previous research on the relevance of motivational regulation strategies in the context of higher education, by highlighting their significant contributions to improving academic performance and reducing dropout intention.}
}

@online{dados:2017,
  title={Metodologia de C{\'a}lculo dos Indicadores de Fluxo da Educa{\c{c}}{\~a}o Superior},
  author={INEP},
  url={http://download.inep.gov.br/informacoes_estatisticas/indicadores_educacionais/2017/metodologia_indicadores_trajetoria_curso.pdf.},
  note= {Acesso em Fev. 2022},
  year={2017}
}


@online{dados:2019,
  title={Censo da Educa{\c{c}}{\~a}o superior de 2019, Divulga{\c{c}}{\~a}o dos resultados},
  author={INEP},
  url={https://download.inep.gov.br/educacao_superior/censo_superior/documentos/2020/Apresentacao_Censo_da_Educacao_Superior_2019.pdf},
  note= {Acesso em Fev. 2022},
  year={2020}
}

@article{yasuhara:2005,
  title={Choosing Computer Science: Women at the Start of the Undergraduate Pipeline},
  author={Ken Yasuhara},
  journal={American Society for Engineering Education},
  year={2005},
  publisher={American Society for Engineering Education Annual Conference & Exposition}
}

@article{NCWIT:2020,
  title={NCWIT Scorecard: The Status of Women in Technology},
  author={DuBow, W. and Gonzalez, J.J},
  journal={Boulder, CO: NCWIT},
  year={2020}
}

@inproceedings{utiyama:2003,
  title={Uma ferramenta de apoio ao controle da evas{\~a}o de alunos em cursos a dist{\^a}ncia via Internet},
  author={Utiyama, Fabiano and Borba, Sueli de F{\'a}tima Poppi},
  booktitle={Congresso Brasileiro de Computa{\c{c}}{\~a}o},
  volume={3},
  year={2003}
}

@inproceedings{maia:2005,
  title={Tecnologias de informa{\c{c}}{\~a}o e comunica{\c{c}}{\~a}o e os {\'\i}ndices de evas{\~a}o nos cursos a dist{\^a}ncia},
  author={Maia, M de C and Meirelles, F de S},
  booktitle={Proceedings of 12th International Congress of Distance Education},
  year={2005}
}
@article{abbad:2005,
  title={Evas{\~a}o em Curso a Dist{\^a}ncia via Internet: explorando vari{\'a}veis explicativas},
  author={Abbad, GS and Carvalho, Renata Silveira and Zerbini, Tha{\'\i}s},
  journal={Encontro da ANPAD},
  volume={29},
  year={2005}
}

@article{montmarquette:2001,
  title={The determinants of university dropouts: a bivariate probability model with sample selection},
  author={Claude Montmarquette and Sophie Mahseredjian and Rachel Houle},
  journal={Economics of education review},
  volume={20},
  number={5},
  pages={475--484},
  year={2001},
  publisher={Elsevier}
}

@article{stratton:2008,
  title={A multinomial logit model of college stopout and dropout behavior},
  author={Leslie S.Stratton and Dennis M.O'Toole and James N.Wetzel},
  journal={Economics of education review},
  volume={27},
  number={3},
  pages={319--331},
  year={2008},
  publisher={Elsevier}
}

@article{lanz:2014,
  title={O Corpo da roupa: a pessoa transg{\^e}nera entre a transgress{\~a}o e a coformidade com as normas de g{\^e}nero},
  author={Lanz, Let{\'\i}cia},
  year={2014}
}

@article{uamusse:2020,
  title={A mulher em cursos de ci{\^e}ncias, tecnologia, engenharia e matem{\'a}tica no ensino superior mo{\c{c}}ambicano},
  author={Uamusse, Am{\'a}lia Alexandre and Cossa, Eugenia Flora Rosa and Kouleshova, Tatiana},
  journal={Revista Estudos Feministas},
  volume={28},
  year={2020},
  publisher={SciELO Brasil}
}

@article{lunn:2021,
  title={Exploration of intersectionality and computer science demographics: Understanding the historical context of shifts in participation},
  author={Lunn, Stephanie and Zahedi, Leila and Ross, Monique and Ohland, Matthew},
  journal={ACM Transactions on Computing Education (TOCE)},
  volume={21},
  number={2},
  pages={1--30},
  year={2021},
  publisher={ACM New York, NY, USA}
}

@inproceedings{willerding:2017,
  title={O desenvolvimento econ{\^o}mico do polo tecnol{\'o}gico na regi{\~a}o de Florian{\'o}polis},
  author={WILLERDING, INARA ANTUNES VIEIRA and PANISSON, C{\'E}SAR and LAPOLLI, {\'E}DIS MAFRA},
  booktitle={XVII Congreso Latino-Iberoamericano de Gesti{\'o}n Tecnol{\'o}gica},
  year={2017}
}

 @misc{digital_2020, title={Santa Catarina É o estado que mais cresceu em número de empresas de tecnologia, aponta tech report 2020}, url={https://bityli.com/JRGGuE}, journal={Acate}, author={ACATE}, year={2020}, month={Aug}} 